@misc{CDC,
    title = "Plateforme de simulation d'effacement énergétique d'un foyer",
    shorttitle = "CDC Davidson 2024",
    organization = "Davidson Consulting",
    address = "Rennes",
    howpublished = "\url{http://172.24.2.6/projects/documentation-prose/repository/revisions/master/entry/CDC_Davidson_prose2023_v1.2.pdf}",    
    year = 2023
}

@documentation{UML,
    title        = {Unified Modeling Language Version 2.5.1},
    shortitle    = "UML 2.5.1",
    author       = "UML",
    howpublished = "\url{https://www.omg.org/spec/UML}",
    year         = 2017,
}

@misc{SPEC,
    title = "Dossier de spécification B2",
    shorttitle = "SPEC\_B2",
    author = "UKIO",
    address = "Angers",
    organization = "ESEO",
    howpublished = "\url{https://172.24.2.6/projects/se2024-b2/repository/revisions/master/raw/specification/livrables/SPEC_B2.pdf}",
    year = 2023
}

@misc{CAMPUS,
    title = "Campus ESEO Systèmes Embarqués",
    shortitle = "ESEO SE",
    author       = "M. BISTRUCLA",
    organization = "ESEO",
    address = "Angers",
    howpublished = "\url{https://campus.eseo.fr/course/index.php?categoryid=1765}",
    year = 2023
}

@misc{PDT,
    title = "Plan de Test B2",
    shorttitle = "PDT\_B2",
    author = "Eliot COULON and Théo FAUCHER",
    address = "Angers",
    organization = "ESEO",
    howpublished = "\url{http://172.24.2.6/projects/se2024-b2/repository/revisions/master/entry/test/plan_test/livrables/PDT_B2.pdf}",
    year = 2023
}

@misc{PAQL,
    title = "Plan d'Assurance Qualité Logiciel B2",
    shorttitle = "PAQL\_B2",
    author = "Eliot COULON",
    address = "Angers",
    organization = "ESEO",
    howpublished = "\url{http://172.24.2.6/projects/se2024-b2/repository/revisions/master/entry/qualite/PAQL_B2.pdf}",
    year = 2023
}

@techreport{730,
    address = "USA",
    type = "Standard",
    title = "Standard for Software Quality Assurance Plans",
    shorttitle = "IEEE 730-2014",
    annote = "\url{https://standards.ieee.org/ieee/730/971/}",
    number = "IEEE 730-2014",
    institution = "IEEE Computer Society",
    author = "730 WG Std for Software Quality Assurance Plans Working Group",
    year = 2014
}

@techreport{830,
    address = "USA",
    type = "Standard",
    title = "International Standard, Systems and software engineering -- Life cycle processes -- Requirements engineering",
    shorttitle = "IEEE 830 2018",
    annote = "\url{https://standards.ieee.org/standard/29148-2018.html}",
    number = "IEEE 830-2018",
    institution = "IEEE Computer Society",
    author = "ISO/IEC/IEEE",
    year = 2018
}