@techreport{830,
    address = "USA",
    type = "Standard",
    title = "IEEE Recommended Practice for Software Requirements Specifications",
    shorttitle = "IEEE 830 1998",
    annote = "\url{https://standards.ieee.org/ieee/830/1222/}",    
    language = "en",
    number = "IEEE 830 1998",
    institution = "IEEE Computer Society",
    author = "Dedicated Working Group",
    year = 1998
}

@misc{GNU,
  author = "Richard Stallman",
  title = "GNU General Public License Version 3.0",
  year = 2007,
  annote = "\url{http://www.gnu.org/licenses/gpl-3.0.html}"
}

@misc{UML,
  author       = "UML",
  title        = "Unified Modeling Language Version 2.5.1",
  year         = 2017,
  language     = "en",
  howpublished = "\url{https://www.omg.org/spec/UML}"
}

@misc{PAQLExemple,
  title        = "Exemple PAQL, PAQL\_exemple\_Prose\_2023.odt",
  author       = "M. Bistrucla",
  organization = "Formato",
  address      = "Angers",
  year         = 2023
}

@techreport{730,
    address = "USA",
    type = "Standard",
    title = "Standard for Software Quality Assurance Plans",
    shorttitle = "IEEE 730 1998",
    howpublished = "\url{https://standards.ieee.org/ieee/730/971/}",
    language = "en",
    number = "IEEE 730 1998",
    institution = "IEEE Computer Society",
    author = "730 WG Std for Software Quality Assurance Plans Working Group",
    year = 1998
}

@misc{guideANSSI,
    address = "FRANCE",
    type = "Standard",
    title = "Règles de programmation pour le développement sécurisé de logiciels en langage C",
    howpublished = "\url{https://www.ssi.gouv.fr/guide/regles-de-programmation-pour-le-developpement-securise-de-logiciels-en-langage-c/}",
    language = "fr",
    shorttitle = "ANSSI-PA-073",
    institution = "ANSSI",
    author = "Étalab",
    year = 2022
}

@misc{PAQL,
    title = "Plan d'Assurance Qualité Logiciel B2",
    shorttitle = "PAQL_B2",
    author = "Eliot COULON",
    address = "Angers",
    organization = "ESEO",
    howpublished = "\url{http://172.24.2.6/projects/se2024-b2/repository/revisions/master/entry/qualite/PAQL_B2.pdf}",
    year = 2023
}

@misc{PDT,
    title = "Plan de Test B2",
    shorttitle = "PDT_B2",
    author = "Eliot COULON, Théo FAUCHER",
    address = "Angers",
    organization = "ESEO",
    howpublished = "\url{http://172.24.2.6/projects/se2024-b2/repository/revisions/master/entry/test/plan_test/livrables/PDT_B2.pdf}",
    year = 2023
}

@misc{SYNTH,
    title = "Modèle de fiche de synthèse",
    author = "Eliot COULON, Théo FAUCHER",
    organization = "ESEO",
    address = "Angers",
    howpublished = "\url{http://172.24.2.6/projects/se2024-b2/wiki/Template_fiche_synth\%C3\%A8se}",
    year = 2023
}

@misc{WIKI,
    title = "Wiki ProSE",
    author       = "M. Bistrucla",
    organization = "Formato",
    address = "Angers",
    howpublished = "\url{https://172.24.2.6/projects/documentation-prose/wiki}",
    year = 2023
}

@misc{CAMPUS,
    title = "Campus ESEO Systèmes Embarqués",
    author       = "M. Bistrucla",
    organization = "ESEO",
    address = "Angers",
    howpublished = "\url{https://campus.eseo.fr/course/index.php?categoryid=1765}",
    year = 2023
}
