@documentation{UML,
  author       = "UML",
  title        = "Unified Modeling Language Version 2.5.1",
  year         = 2017,
  language     = "en",
  howpublished = "\url{https://www.omg.org/spec/UML}"
}